@article{xie2017,
	title={Mitigating adversarial effects through randomization},
	author={Cihang Xie and Jianyu Wang and Zhishuai Zhang and Zhou Ren and Alan L. Yuille},
	journal={CoRR},
	volume={abs/1711.01991},
	year=2017,
	doi={arXiv:1711.01991}
}

@article{papernot2018cleverhans,
	title={Technical Report on the CleverHans v2.1.0 Adversarial Examples Library},
	author={Nicolas Papernot and Fartash Faghri and Nicholas Carlini and Ian Goodfellow and Reuben Feinman and Alexey Kurakin and Cihang Xie and Yash Sharma and Tom Brown and Aurko Roy and Alexander Matyasko and Vahid Behzadan and Karen Hambardzumyan and Zhishuai Zhang and Yi-Lin Juang and Zhi Li and Ryan Sheatsley and Abhibhav Garg and Jonathan Uesato and Willi Gierke and Yinpeng Dong and David Berthelot and Paul Hendricks and Jonas Rauber and Rujun Long},
	journal={arXiv preprint arXiv:1610.00768},
	year={2018}
}

@article{gu2015,
	title={Towards Deep Neural Network Architectures Robust to Adversarial Examples},
	author={Shixiang Gu and Luca Rigazio},
	journal={CoRR},
	year=2014,
	doi={abs/1412.5068}
}

@misc{diagram,
	title={Dragon Fist model diagram},
	author={Andrew Ferrazzutti},
	year=2018
}

@inproceedings{carlini2017,
	title={Adversarial Examples Are Not Easily Detected: Bypassing Ten Detection Methods},
	author={Nicholas Carlini and David Wagner},
	booktitle={Proceedings of the 10th ACM Workshop on Artificial Intelligence and Security},
	series={AISec '17},
	year=2017,
	isbn={978-1-4503-5202-4},
	location={Dallas, Texas, USA},
	pages={3-14},
	doi={10.1145/3128572.3140444},
	publisher={ACM}
}

@inproceedings{bhagoji2017,
	title={Enhancing robustness of machine learning systems via data transformations},
	author={Arjun Nitin Bhagoji and Daniel Cullina and Chawin Sitawarin and Prateek Mittal},
	booktitle={2018 52nd Annual Conference on Information Sciences and Systems (CISS)},
	year=2018,
	pages={1-5},
	doi={10.1109/CISS.2018.8362326}
}

@article{goodfellow2015,
	title={Explaining and Harnessing Adversarial Examples},
	author={Ian J. Goodfellow and Jonathon Shlens and Christian Szegedy},
	journal={ICLR},
	year=2015,
	doi={arXiv:1412.6572}
}

@manual{skikitImage,
	title={Module: filters -- skimage v0.15.dev0 docs},
	organization={scikit-image},
	howpublished={\url{https://scikit-image.org}}
}

@article{osadchy2016,
	title={No bot expects the deepcaptcha! introducing immutable adversarial examples with applications to captcha},
	author={Margarita Osadchy and Julio Hernandez-Castro and Stuart Gibson and Orr Dunkelman and and Daniel P'erez-Cabo},
	journal={IACR Cryptology ePrint Archive},
	year=2016,
	doi={10.1109/TIFS.2017.2718479}
}

@misc{zalandoresearchFashionMNIST,
	title={Fashion-MNIST},
	author={Han Xiao and Kashif Rasul and Abien Fred Agarap and heitorrapela and Leo-ml},
	year={2017},
	publisher={GitHub},
	journal={GitHub repository},
	howpublished={\url{https://github.com/zalandoresearch/fashion-mnist}}
}
